@article{powell2008,
  author={Powell, James R.},
  journal={Proceedings of the IEEE}, 
  title={The {Q}uantum {L}imit to {M}oore's {L}aw}, 
  year={2008},
  volume={96},
  number={8},
  pages={1247-1248},
  keywords={Moore's Law;Quantum computing;Electrons;Transistors;Physics computing;Integrated circuit technology;Gallium arsenide},
  doi={10.1109/JPROC.2008.925411}
  }
